@inproceedings{nielsen1990heuristic,
  title={Heuristic evaluation of user interfaces},
  author={Nielsen, Jakob and Molich, Rolf},
  booktitle={Proceedings of the SIGCHI conference on Human factors in computing systems},
  pages={249--256},
  year={1990},
  organization={ACM}
}

@article{mclellan2012effect,
  title={The effect of experience on System Usability Scale ratings},
  author={McLellan, Sam and Muddimer, Andrew and Peres, S Camille},
  journal={Journal of Usability Studies},
  volume={7},
  number={2},
  pages={56--67},
  year={2012},
  publisher={Usability Professionals' Association}
}


%1
@inproceedings{Schwerdtfeger:2008,
 author = {Schwerdtfeger, Bj\"{o}rn and Pustka, Daniel and Hofhauser, Andreas and Klinker, Gudrun},
 title = {Using Laser Projectors for Augmented Reality},
 booktitle = {Proceedings of the 2008 ACM Symposium on Virtual Reality Software and Technology},
 series = {VRST '08},
 year = {2008},
 isbn = {978-1-59593-951-7},
 location = {Bordeaux, France},
 pages = {134--137},
 numpages = {4},
 url = {http://doi.acm.org.ezproxy.falmouth.ac.uk/10.1145/1450579.1450608},
 doi = {10.1145/1450579.1450608},
 acmid = {1450608},
 publisher = {ACM},
 address = {New York, NY, USA},
 keywords = {augmented reality, industrial augmented reality, laser projector},
} 

%2

@inproceedings{Phillips:2005,
 author = {Phillips, Keith and Piekarski, Wayne},
 title = {Possession Techniques for Interaction in Real-time Strategy Augmented Reality Games},
 booktitle = {Proceedings of the 2005 ACM SIGCHI International Conference on Advances in Computer Entertainment Technology},
 series = {ACE '05},
 year = {2005},
 isbn = {1-59593-110-4},
 location = {Valencia, Spain},
 articleno = {2},
 url = {http://doi.acm.org.ezproxy.falmouth.ac.uk/10.1145/1178477.1178584},
 doi = {10.1145/1178477.1178584},
 acmid = {1178584},
 publisher = {ACM},
 address = {New York, NY, USA},
 keywords = {augmented reality, gaming, interaction},
} 

%3
@inproceedings{Cho:2016,
 author = {Cho, Jaehee and Won, Yeongmin and Kothari, Atit and Fawaz, Stephanie and Ding, Zixu and Cheng, Xu},
 title = {INJUSTICE: Interactive Live Action Virtual Reality Experience},
 booktitle = {Proceedings of the 2016 Annual Symposium on Computer-Human Interaction in Play Companion Extended Abstracts},
 series = {CHI PLAY Companion '16},
 year = {2016},
 isbn = {978-1-4503-4458-6},
 location = {Austin, Texas, USA},
 pages = {33--37},
 numpages = {5},
 url = {http://doi.acm.org.ezproxy.falmouth.ac.uk/10.1145/2968120.2968121},
 doi = {10.1145/2968120.2968121},
 acmid = {2968121},
 publisher = {ACM},
 address = {New York, NY, USA},
 keywords = {game design, storytelling., virtual reality},
}

%4
@inproceedings{de2015virtual,
  title={A virtual reality-based multiplayer game using fine-grained localization},
  author={De Schepper, Tom and Braem, Bart and Latre, Steven},
  booktitle={Global Information Infrastructure and Networking Symposium (GIIS), 2015},
  pages={1--6},
  year={2015},
  organization={IEEE}
}

%5
@inproceedings{Leo:2015,
 author = {Leo, Cheryl-Jean and Tsai, Eric and Yoon, Arim and Lee, Kyungik and Liu, Jingyu},
 title = {An Ant's Life: Storytelling in Virtual Reality},
 booktitle = {Proceedings of the 2015 Annual Symposium on Computer-Human Interaction in Play},
 series = {CHI PLAY '15},
 year = {2015},
 isbn = {978-1-4503-3466-2},
 location = {London, United Kingdom},
 pages = {779--782},
 numpages = {4},
 url = {http://doi.acm.org.ezproxy.falmouth.ac.uk/10.1145/2793107.2810264},
 doi = {10.1145/2793107.2810264},
 acmid = {2810264},
 publisher = {ACM},
 address = {New York, NY, USA},
 keywords = {game design, storytelling, virtual reality},
} 

%6
@inproceedings{Jee:2008,
 author = {Jee, HyunHo and Eom, Doo-seop and Kim, Taeyoung and Park, HunKi and Lee, Hyoil and Han, JungHyun},
 title = {Multi-player VR Game Built Upon Wireless Sensor Network},
 booktitle = {Proceedings of the 2Nd International Conference on Ubiquitous Information Management and Communication},
 series = {ICUIMC '08},
 year = {2008},
 isbn = {978-1-59593-993-7},
 location = {Suwon, Korea},
 pages = {525--527},
 numpages = {3},
 url = {http://doi.acm.org.ezproxy.falmouth.ac.uk/10.1145/1352793.1352903},
 doi = {10.1145/1352793.1352903},
 acmid = {1352903},
 publisher = {ACM},
 address = {New York, NY, USA},
 keywords = {virtual reality game, wireless sensor network},
} 

%6.1
@inproceedings{Eom:2006,
 author = {Eom, Doo-seop and Jang, Jungshik and Kim, Taeyoung and Han, JungHyun},
 title = {A VR Game Platform Built Upon Wireless Sensor Network},
 booktitle = {Proceedings of the Second International Conference on Advances in Visual Computing - Volume Part II},
 series = {ISVC'06},
 year = {2006},
 isbn = {3-540-48626-7, 978-3-540-48626-8},
 location = {Lake Tahoe, NV},
 pages = {146--155},
 numpages = {10},
 url = {http://dx.doi.org/10.1007/11919629_16},
 doi = {10.1007/11919629_16},
 acmid = {2092806},
 publisher = {Springer-Verlag},
 address = {Berlin, Heidelberg},
} 